@misc{pinocchioweb,
   author = {Justin Carpentier and Florian Valenza and Nicolas Mansard and others},
   title = {Pinocchio: fast forward and inverse dynamics for poly-articulated systems},
   howpublished = {https://stack-of-tasks.github.io/pinocchio},
   year = {2015--2021}
}

@article{theodorou2010generalized,
  title={A generalized path integral control approach to reinforcement learning},
  author={Theodorou, Evangelos and Buchli, Jonas and Schaal, Stefan},
  journal={J. of Mach. Learn. Res.},
  volume={11},
  pages={3137--3181},
  year={2010},
  publisher={JMLR. org}
}

@inproceedings{brunner2020trajectory,
  title={Trajectory tracking nonlinear model predictive control for an overactuated mav},
  author={Brunner, Maximilian and Bodie, Karen and Kamel, Mina and Pantic, Michael and Zhang, Weixuan and Nieto, Juan and Siegwart, Roland},
  booktitle={2020 IEEE Int. Conf. on Robot. and Autom.},
  pages={5342--5348},
  year={2020}
}

@inproceedings{Murali2020,
   author = {Adithyavairavan Murali and Arsalan Mousavian and Clemens Eppner and Chris Paxton and Dieter Fox},
   booktitle = {2020 IEEE Int. Conf. on Robot. and Autom.},
   month = {5},
   pages = {6232-6238},
   title = {{6-DOF} Grasping for Target-driven Object Manipulation in Clutter},
   year = {2020},
}
@inproceedings{Zeng2018,
   author = {Andy Zeng and Shuran Song and Kuan Ting Yu and Elliott Donlon and Francois R. Hogan and Maria Bauza and Daolin Ma and Orion Taylor and Melody Liu and Eudald Romo and Nima Fazeli and Ferran Alet and Nikhil Chavan Dafle and Rachel Holladay and Isabella Morena and Prem Qu Nair and Druck Green and Ian Taylor and Weber Liu and Thomas Funkhouser and Alberto Rodriguez},
   doi = {10.1109/ICRA.2018.8461044},
   isbn = {9781538630815},
   issn = {10504729},
   journal = {Proceedings - IEEE International Conference on Robotics and Automation},
   month = {5},
   pages = {3750-3757},
   publisher = {IEEE},
   title = {Robotic pick-and-place of novel objects in clutter with multi-affordance grasping and cross-domain image matching},
   url = {https://ieeexplore.ieee.org/document/8461044/},
   year = {2018},
}
@inproceedings{Mahler2017,
   author = {Jeffrey Mahler and Jacky Liang and Sherdil Niyaz and Michael Laskey and Richard Doan and Xinyu Liu and Juan Aparicio and Ken Goldberg},
   doi = {10.15607/RSS.2017.XIII.058},
   isbn = {978-0-9923747-3-0},
   journal = {Robotics: Science and Systems XIII},
   month = {7},
   publisher = {Robotics: Science and Systems Foundation},
   title = {Dex-Net 2.0: Deep Learning to Plan Robust Grasps with Synthetic Point Clouds and Analytic Grasp Metrics},
   url = {http://www.roboticsproceedings.org/rss13/p58.pdf},
   year = {2017},
}

@inproceedings{chebotar2019closing,
  title={Closing the sim-to-real loop: Adapting simulation randomization with real world experience},
  author={Chebotar, Yevgen and Handa, Ankur and Makoviychuk, Viktor and Macklin, Miles and Issac, Jan and Ratliff, Nathan and Fox, Dieter},
  booktitle={2019 Int. Conf. on Robot. and Autom.},
  pages={8973--8979},
  year={2019}
}

@article{grandia2019frequency,
  title={Frequency-aware model predictive control},
  author={Grandia, Ruben and Farshidian, Farbod and Dosovitskiy, Alexey and Ranftl, Ren{\'e} and Hutter, Marco},
  journal={IEEE Robot. and Autom. Lett.},
  volume={4},
  number={2},
  pages={1517--1524},
  year={2019},
  publisher={IEEE}
}

@article{minniti2019whole,
  title={Whole-body {MPC} for a dynamically stable mobile manipulator},
  author={Minniti, Maria Vittoria and Farshidian, Farbod and Grandia, Ruben and Hutter, Marco},
  journal={IEEE Robot. and Autom. Lett.},
  volume={4},
  number={4},
  pages={3687--3694},
  year={2019},
  publisher={IEEE}
}

@article{liniger2015optimization,
  title={Optimization-based autonomous racing of 1:43 scale {RC} cars},
  author={Liniger, Alexander and Domahidi, Alexander and Morari, Manfred},
  journal={Optimal Control Appl. and Methods},
  volume={36},
  number={5},
  pages={628--647},
  year={2015},
  publisher={Wiley Online Library}
}

@techreport{blanco2010tutorial,
  title={A tutorial on {SE(3)} transformation parameterizations and on-manifold optimization},
  author={Blanco, Jose-Luis},
  institution={University of Malaga},
  year={2013}
}

@article{popov2017data,
  title={Data-efficient deep reinforcement learning for dexterous manipulation},
  author={Popov, Ivaylo and Heess, Nicolas and Lillicrap, Timothy and Hafner, Roland and Barth-Maron, Gabriel and Vecerik, Matej and Lampe, Thomas and Tassa, Yuval and Erez, Tom and Riedmiller, Martin},
  journal={arXiv preprint arXiv:1704.03073},
  year={2017}
}

@inproceedings{finn2016deep,
  title={Deep spatial autoencoders for visuomotor learning},
  author={Finn, Chelsea and Tan, Xin Yu and Duan, Yan and Darrell, Trevor and Levine, Sergey and Abbeel, Pieter},
  booktitle={2016 IEEE Int. Conf. on Robot. and Autom.},
  pages={512--519},
  year={2016},
}

@inproceedings{gu2017deep,
  title={Deep reinforcement learning for robotic manipulation with asynchronous off-policy updates},
  author={Gu, Shixiang and Holly, Ethan and Lillicrap, Timothy and Levine, Sergey},
  booktitle={2017 IEEE international conference on robotics and automation (ICRA)},
  pages={3389--3396},
  year={2017},
  organization={IEEE}
}

@article{gorry1990general,
  title={General least-squares smoothing and differentiation by the convolution {Savitzky-Golay} method},
  author={Gorry, Peter A},
  journal={Analytical Chemistry},
  volume={62},
  number={6},
  pages={570--573},
  year={1990},
  publisher={ACS Publications}
}

@online{raisim,
  author = {RaiSim Tech},
  title = {RaiSim: a cross-platform multi-body physics engine for robotics and AI. },
  year = 2021,
  url = {https://raisim.com/},
  urldate = {2021-02-17}
}

@article{hwangbo2019learning,
  title={Learning agile and dynamic motor skills for legged robots},
  author={Hwangbo, Jemin and Lee, Joonho and Dosovitskiy, Alexey and Bellicoso, Dario and Tsounis, Vassilios and Koltun, Vladlen and Hutter, Marco},
  journal={Science Robotics},
  volume={4},
  number={26},
  year={2019},
  publisher={Science Robotics}
}

@article{mohamed2019monte,
  title={Monte {Carlo} gradient estimation in machine learning},
  author={Mohamed, Shakir and Rosca, Mihaela and Figurnov, Michael and Mnih, Andriy},
  journal={J. of Mach. Learn. Res.},
  volume={21},
  number={132},
  pages={1--62},
  year={2020}
}

@inproceedings{liu2016stein,
  title={Stein variational Gradient descent: a general purpose {Bayesian} inference algorithm},
  author={Liu, Qiang and Wang, Dilin},
  booktitle={Proc. of the 30th Int. Conf. on Neural Inf. Process. Syst.},
  pages={2378--2386},
  year={2016}
}

@article{levine2018reinforcement,
  title={Reinforcement learning and control as probabilistic inference: Tutorial and review},
  author={Levine, Sergey},
  journal={arXiv preprint arXiv:1805.00909},
  year={2018}
}

@inproceedings{li2004iterative,
  title={Iterative linear quadratic regulator design for nonlinear biological movement systems.},
  author={Li, Weiwei and Todorov, Emanuel},
  booktitle={ICINCO (1)},
  pages={222--229},
  year={2004},
  organization={Citeseer}
}

@article{qian1999momentum,
  title={On the momentum term in gradient descent learning algorithms},
  author={Qian, Ning},
  journal={Neural networks},
  volume={12},
  number={1},
  pages={145--151},
  year={1999},
  publisher={Elsevier}
}

@misc{buchli2017optimal,
  title={Optimal and learning control for autonomous robots: Lecture notes},
  author={Buchli, Jonas and Farshidian, Farbod and Winkler, Alexander and Sandy, Timothy and Giftthaler, Markus},
  howpublished={arXiv preprint arXiv:1708.09342},
  motnh={August},
  year={2017}
}

@article{kappen2005path,
  title={Path integrals and symmetry breaking for optimal control theory},
  author={Kappen, Hilbert J},
  journal={J. of Statistical Mechanics: Theory and Experiment},
  volume={2005},
  number={11},
  pages={P11011},
  year={2005},
  publisher={IOP Publishing}
}

@inproceedings{rajamaki_augmenting_2017,
	location = {Los Angeles California},
	title = {Augmenting sampling based controllers with machine learning},
	pages = {1--9},
	year={2017},
	booktitle = {Proc. of the {ACM} {SIGGRAPH} / Eurographics Symp. on Comput. Animation},
	author = {Rajamäki, Joose and Hämäläinen, Perttu},
	file = {Rajamäki and Hämäläinen - 2017 - Augmenting sampling based controllers with machine.pdf:/home/giuseppe/Zotero/storage/DPC4AB6Q/Rajamäki and Hämäläinen - 2017 - Augmenting sampling based controllers with machine.pdf:application/pdf},
}

@article{stulp_path_nodate,
	title = {Path Integral Policy Improvement with Covariance Matrix Adaptation},
	pages = {8},
	author = {Stulp, Freek and Sigaud, Olivier},
	langid = {english},
	file = {Stulp and Sigaud - Path Integral Policy Improvement with Covariance M.pdf:/home/giuseppe/Zotero/storage/B4SW58YZ/Stulp and Sigaud - Path Integral Policy Improvement with Covariance M.pdf:application/pdf},
}

@article{barcelos_disco_2020,
	title = {{DISCO}: Double Likelihood-free Inference Stochastic Control},
	url = {http://arxiv.org/abs/2002.07379},
	shorttitle = {{DISCO}},
	journaltitle = {{arXiv}:2002.07379 [cs]},
	author = {Barcelos, Lucas and Oliveira, Rafael and Possas, Rafael and Ott, Lionel and Ramos, Fabio},
	urldate = {2021-02-06},
	date = {2020-05-26},
	langid = {english},
	eprinttype = {arxiv},
	eprint = {2002.07379},
	keywords = {Computer Science - Robotics, Computer Science - Machine Learning},
	file = {Barcelos et al. - 2020 - DISCO Double Likelihood-free Inference Stochastic.pdf:/home/giuseppe/Zotero/storage/JZJQNVZR/Barcelos et al. - 2020 - DISCO Double Likelihood-free Inference Stochastic.pdf:application/pdf},
}

@article{theodorou_nonlinear_2015,
	title = {Nonlinear Stochastic Control and Information Theoretic Dualities: Connections, Interdependencies and Thermodynamic Interpretations},
	author={Theodorou, Evangelos A},
    journal={Entropy},
    volume={17},
    number={5},
    pages={3352--3375},
    year={2015},
    publisher={Multidisciplinary Digital Publishing Institute}
}

@inproceedings{williams_information_nodate,
  title={Information theoretic {MPC} using neural network dynamics},
  author={Williams, Grady and Wagener, Nolan and Goldfain, Brian and Drews, Paul and Rehg, James M and Boots, Byron and Theodorou, Evangelos A},
  booktitle={30th Conf. on Neural Inform. Process. Syst.},
  year={2016}
}

@inproceedings{williams_information_2017,
	location = {Singapore},
	title = {Information theoretic {MPC} for model-based reinforcement learning},
	year={2017},
	pages = {1714--1721},
	booktitle = {2017 {IEEE} Int. Conf. on Robot. and Autom.},
	author = {Williams, Grady and Wagener, Nolan and Goldfain, Brian and Drews, Paul and Rehg, James M. and Boots, Byron and Theodorou, Evangelos A.},
	file = {Williams et al. - 2017 - Information theoretic MPC for model-based reinforc.pdf:/home/giuseppe/Zotero/storage/PCA3WQM3/Williams et al. - 2017 - Information theoretic MPC for model-based reinforc.pdf:application/pdf},
}

@article{theodorou_iterative_2011,
	title = {An Iterative Path Integral Stochastic Optimal Control Approach for Learning Robotic Tasks},
	volume = {44},
	issn = {14746670},
	url = {https://linkinghub.elsevier.com/retrieve/pii/S1474667016454789},
	doi = {10.3182/20110828-6-IT-1002.02249},
	pages = {11594--11601},
	number = {1},
	journaltitle = {{IFAC} Proceedings Volumes},
	shortjournal = {{IFAC} Proceedings Volumes},
	author = {Theodorou, Evangelos and Stulp, Freek and Buchli, Jonas and Schaal, Stefan},
	urldate = {2021-02-06},
	date = {2011-01},
	langid = {english},
	file = {Theodorou et al. - 2011 - An Iterative Path Integral Stochastic Optimal Cont.pdf:/home/giuseppe/Zotero/storage/GYPR9FIR/Theodorou et al. - 2011 - An Iterative Path Integral Stochastic Optimal Cont.pdf:application/pdf},
}

@article{williams_model_2017,
	title = {Model Predictive Path Integral Control: From Theory to Parallel Computation},
	year={2017},
	volume = {40},
	pages = {344--357},
	number = {2},
	journal = {J. of Guidance, Control, and Dynamics},
	author = {Williams, Grady and Aldrich, Andrew and Theodorou, Evangelos A.},
	file = {Williams et al. - 2017 - Model Predictive Path Integral Control From Theor.pdf:/home/giuseppe/Zotero/storage/8LTJBMZE/Williams et al. - 2017 - Model Predictive Path Integral Control From Theor.pdf:application/pdf},
}

@article{lee_aggressive_2020,
	title = {Aggressive Perception-Aware Navigation Using Deep Optical Flow Dynamics and {PixelMPC}},
	volume = {5},
	number = {2},
	year={2020},
	journal = {{IEEE} Robot. and Autom. Lett.},
	author = {Lee, Keuntaek and Gibson, Jason and Theodorou, Evangelos A.},
	file = {Lee et al. - 2020 - Aggressive Perception-Aware Navigation Using Deep .pdf:/home/giuseppe/Zotero/storage/RVBC56TR/Lee et al. - 2020 - Aggressive Perception-Aware Navigation Using Deep .pdf:application/pdf},
}

@article{arruda_uncertainty_2017,
	title = {Uncertainty Averse Pushing with Model Predictive Path Integral Control},
	url = {http://arxiv.org/abs/1710.04005},
	doi = {10.1109/HUMANOIDS.2017.8246918},
	pages = {497--502},
	journaltitle = {2017 {IEEE}-{RAS} 17th International Conference on Humanoid Robotics (Humanoids)},
	author = {Arruda, Ermano and Mathew, Michael J. and Kopicki, Marek and Mistry, Michael and Azad, Morteza and Wyatt, Jeremy L.},
	urldate = {2021-02-06},
	date = {2017-11},
	langid = {english},
	eprinttype = {arxiv},
	eprint = {1710.04005},
	keywords = {Computer Science - Robotics},
	file = {Arruda et al. - 2017 - Uncertainty Averse Pushing with Model Predictive P.pdf:/home/giuseppe/Zotero/storage/LHMD82N5/Arruda et al. - 2017 - Uncertainty Averse Pushing with Model Predictive P.pdf:application/pdf},
}

@inproceedings{lambert_stein_2020,
	title = {Stein Variational Model Predictive Control},
	author = {Lambert, Alexander and Fishman, Adam and Fox, Dieter and Boots, Byron and Ramos, Fabio},
	year={2020},
	booktitle={Conf. on Robot Learn.},
	file = {Lambert et al. - 2020 - Stein Variational Model Predictive Control.pdf:/home/giuseppe/Zotero/storage/6HF4KSY9/Lambert et al. - 2020 - Stein Variational Model Predictive Control.pdf:application/pdf},
}

@article{abraham_model-based_2020,
	title = {Model-Based Generalization Under Parameter Uncertainty Using Path Integral Control},
	volume = {5},
	pages = {2864--2871},
	number = {2},
	year={2020},
	journal = {{IEEE} Robot. and Autom. Lett.},
	author = {Abraham, Ian and Handa, Ankur and Ratliff, Nathan and Lowrey, Kendall and Murphey, Todd D. and Fox, Dieter},
	file = {Abraham et al. - 2020 - Model-Based Generalization Under Parameter Uncerta.pdf:/home/giuseppe/Zotero/storage/XSXSEW2D/Abraham et al. - 2020 - Model-Based Generalization Under Parameter Uncerta.pdf:application/pdf},
}

@article{williams_information-theoretic_2018,
	title = {Information-Theoretic Model Predictive Control: Theory and Applications to Autonomous Driving},
	volume = {34},
	pages = {1603--1622},
	number = {6},
	year={2018},
	journal = {{IEEE} Trans. on Robot.},
	shortjournal = {{IEEE} Trans. Robot.},
	author = {Williams, Grady and Drews, Paul and Goldfain, Brian and Rehg, James M. and Theodorou, Evangelos A.},
	file = {Williams et al. - 2018 - Information-Theoretic Model Predictive Control Th.pdf:/home/giuseppe/Zotero/storage/5SYNBZKC/Williams et al. - 2018 - Information-Theoretic Model Predictive Control Th.pdf:application/pdf},
}

@techreport{duckett2018agricultural,
  title={Agricultural robotics: The future of robotic agriculture},
  author={Duckett, Tom and Pearson, Simon and Blackmore, Simon and Grieve, Bruce and Chen, Wen-Hua and Cielniak, Grzegorz and Cleaversmith, Jason and Dai, Jian and Davis, Steve and Fox, Charles and others},
  institution={UK-RAS Network},
  year={2018}
}

@article{lattanzi2017review,
  title={Review of robotic infrastructure inspection systems},
  author={Lattanzi, David and Miller, Gregory},
  journal={J. of Infrastructure Systems},
  volume={23},
  number={3},
  pages={04017004},
  year={2017},
  publisher={American Society of Civil Engineers}
}

@inproceedings{cooper2020ari,
  title={{ARI}: the Social Assistive Robot and Companion},
  author={Cooper, Sara and Di Fava, Alessandro and Vivas, Carlos and Marchionni, Luca and Ferro, Francesco},
  booktitle={2020 29th IEEE Int. Conf. on Robot and Human Interactive Commun.},
  pages={745--751},
  year={2020}
}

@article{abdi2018scoping,
  title={Scoping review on the use of socially assistive robot technology in elderly care},
  author={Abdi, Jordan and Al-Hindawi, Ahmed and Ng, Tiffany and Vizcaychipi, Marcela P},
  journal={BMJ open},
  volume={8},
  number={2},
  pages={e018815},
  year={2018},
  publisher={British Medical Journal Publishing Group}
}

@article{ames2016control,
  title={Control barrier function based quadratic programs for safety critical systems},
  author={Ames, Aaron D and Xu, Xiangru and Grizzle, Jessy W and Tabuada, Paulo},
  journal={IEEE Transactions on Automatic Control},
  volume={62},
  number={8},
  pages={3861--3876},
  year={2016},
  publisher={IEEE}
}

@article{vahidi2003research,
  title={Research advances in intelligent collision avoidance and adaptive cruise control},
  author={Vahidi, Ardalan and Eskandarian, Azim},
  journal={IEEE transactions on intelligent transportation systems},
  volume={4},
  number={3},
  pages={143--153},
  year={2003},
  publisher={IEEE}
}

@inproceedings{gurriet2018towards,
  title={Towards a framework for realizable safety critical control through active set invariance},
  author={Gurriet, Thomas and Singletary, Andrew and Reher, Jacob and Ciarletta, Laurent and Feron, Eric and Ames, Aaron},
  booktitle={2018 ACM/IEEE 9th International Conference on Cyber-Physical Systems (ICCPS)},
  pages={98--106},
  year={2018},
  organization={IEEE}
}

@article{benzi2021optimization,
  title={An Optimization Approach for a Robust and Flexible Control in Collaborative Applications},
  author={Benzi, Federico and Secchi, Cristian},
  journal={arXiv preprint arXiv:2103.03082},
  year={2021}
}

@inproceedings{ames2019control,
  title={Control barrier functions: Theory and applications},
  author={Ames, Aaron D and Coogan, Samuel and Egerstedt, Magnus and Notomista, Gennaro and Sreenath, Koushil and Tabuada, Paulo},
  booktitle={2019 18th European Control Conference (ECC)},
  pages={3420--3431},
  year={2019},
  organization={IEEE}
}

@inproceedings{shahriari2018valve,
  title={Valve-based virtual energy tanks: A framework to simultaneously passify controls and embed control objectives},
  author={Shahriari, Erfan and Johannsmeier, Lars and Haddadin, Sami},
  booktitle={2018 Annual American Control Conference (ACC)},
  pages={3634--3641},
  year={2018},
  organization={IEEE}
}

@inproceedings{secchi2019energy,
  title={Energy optimization for a robust and flexible interaction control},
  author={Secchi, Cristian and Ferraguti, Federica},
  booktitle={2019 International Conference on Robotics and Automation (ICRA)},
  pages={1919--1925},
  year={2019},
  organization={IEEE}
}

@inproceedings{schindlbeck2015unified,
  title={Unified passivity-based cartesian force/impedance control for rigid and flexible joint robots via task-energy tanks},
  author={Schindlbeck, Christopher and Haddadin, Sami},
  booktitle={2015 IEEE international conference on robotics and automation (ICRA)},
  pages={440--447},
  year={2015},
  organization={IEEE}
}

@inproceedings{peric2021direct,
  title={Direct Force and Pose NMPC with Multiple Interaction Modes for Aerial Push-and-Slide Operations},
  author={Peric, Lazar and Brunner, Maximilian and Bodie, Karen and Tognon, Marco and Siegwart, Roland},
  booktitle={International Conference on Robotics and Automation (ICRA 2021)},
  year={2021}
}

@article{williams1992simple,
  title={Simple statistical gradient-following algorithms for connectionist reinforcement learning},
  author={Williams, Ronald J},
  journal={Machine learning},
  volume={8},
  number={3},
  pages={229--256},
  year={1992},
  publisher={Springer}
}

@article{osqp,
  author  = {Stellato, B. and Banjac, G. and Goulart, P. and Bemporad, A. and Boyd, S.},
  title   = {{OSQP}: an operator splitting solver for quadratic programs},
  journal = {Mathematical Programming Computation},
  year    = {2020},
  volume  = {12},
  number  = {4},
  pages   = {637--672},
  doi     = {10.1007/s12532-020-00179-2},
  url     = {https://doi.org/10.1007/s12532-020-00179-2},
}

@inproceedings{peric2021direct,
  title={Direct Force and Pose NMPC with Multiple Interaction Modes for Aerial Push-and-Slide Operations},
  author={Peric, Lazar and Brunner, Maximilian and Bodie, Karen and Tognon, Marco and Siegwart, Roland},
  booktitle={International Conference on Robotics and Automation (ICRA 2021)},
  year={2021}
}