@inproceedings{cooper2020ari,
  title={{ARI}: the Social Assistive Robot and Companion},
  author={Cooper, Sara and Di Fava, Alessandro and Vivas, Carlos and Marchionni, Luca and Ferro, Francesco},
  booktitle={2020 29th IEEE Int. Conf. on Robot and Human Interactive Commun.},
  pages={745--751},
  year={2020}
}

@techreport{duckett2018agricultural,
  title={Agricultural robotics: The future of robotic agriculture},
  author={Duckett, Tom and Pearson, Simon and Blackmore, Simon and Grieve, Bruce and Chen, Wen-Hua and Cielniak, Grzegorz and Cleaversmith, Jason and Dai, Jian and Davis, Steve and Fox, Charles and others},
  institution={UK-RAS Network},
  year={2018}
}

@article{lattanzi2017review,
  title={Review of robotic infrastructure inspection systems},
  author={Lattanzi, David and Miller, Gregory},
  journal={J. of Infrastructure Systems},
  volume={23},
  number={3},
  pages={04017004},
  year={2017},
  publisher={American Society of Civil Engineers}
}

@online{eu-piloting-2020,
  author = {European Commission},
  title = {Horizon 2020 Piloting},
  year = 2020,
  url = {https://piloting-project.eu/},
  urldate = {2021-04-06}
}
